<?xml version="1.0" encoding="UTF-8"?><collection xmlns="http://www.loc.gov/MARC21/slim"><record><leader>00365nam--2200145-i-4500</leader><controlfield tag="001">000047011</controlfield><controlfield tag="002">20161230</controlfield><controlfield tag="005">20170121203720</controlfield><controlfield tag="008">060222s1000------------r-----000-0-eng-d</controlfield><datafield ind1=" " ind2=" " tag="100"><subfield code="a">Vorisek, Miroslav</subfield></datafield><datafield ind1=" " ind2=" " tag="245"><subfield code="a">Ein detektor langsamer neutronen</subfield></datafield><datafield ind1=" " ind2=" " tag="260"><subfield code="a">Praha</subfield><subfield code="b">Ceskoslovenska Akad.Ved</subfield><subfield code="c">1957</subfield></datafield><datafield ind1=" " ind2=" " tag="300"><subfield code="a">10 p</subfield></datafield><datafield ind1=" " ind2=" " tag="852"><subfield code="a">6264</subfield></datafield><datafield ind1=" " ind2=" " tag="CAT"><subfield code="a">SYS</subfield><subfield code="c">20170121</subfield><subfield code="h">203720</subfield></datafield></record></collection>